<record xmlns="http://www.loc.gov/MARC21/slim" xmlns:xsi="http://www.w3.org/2001/XMLSchema-instance" xsi:schemaLocation="http://www.loc.gov/MARC21/slim http://www.loc.gov/standards/marcxml/schema/MARC21slim.xsd">

  <leader>00600nam a2200169Ia 4500</leader>
  <datafield ind2=" " tag="999" ind1=" ">
    <subfield code="c">455</subfield>
    <subfield code="d">455</subfield>
  </datafield>
  <controlfield tag="008">161103b2003    mx ||||| |||| 00| | spa d</controlfield>
  <datafield ind1=" " tag="020" ind2=" ">
    <subfield code="a">9707040602</subfield>
  </datafield>
  <datafield ind1=" " tag="090" ind2=" ">
    <subfield code="a">06.01.01  </subfield>
    <subfield code="b">705</subfield>
  </datafield>
  <datafield ind1="2" tag="110" ind2=" ">
    <subfield code="9">1754</subfield>
    <subfield code="a">Asociación Nacional de Universidades e Instituciones de Educación Superior (ANUIES)</subfield>
  </datafield>
  <datafield tag="245" ind1="1" ind2="0">
    <subfield code="a">Anuario Estadístico 2003. Población Escolar de Licenciatura y Técnico Superior en Universidades e Institutos Tecnológicos</subfield>
  </datafield>
  <datafield ind1=" " tag="260" ind2=" ">
    <subfield code="a">México : </subfield>
    <subfield code="b">ANUIES, </subfield>
    <subfield code="c">2003</subfield>
  </datafield>
  <datafield ind2=" " tag="300" ind1=" ">
    <subfield code="a">452 páginas</subfield>
  </datafield>
  <datafield ind2="4" ind1="1" tag="650">
    <subfield code="9">8</subfield>
    <subfield code="a">EDUCACIÓN SUPERIOR</subfield>
  </datafield>
  <datafield tag="650" ind1="1" ind2="4">
    <subfield code="a">ESTADÍSTICA </subfield>
    <subfield code="9">549</subfield>
  </datafield>
  <datafield ind2="4" tag="651" ind1=" ">
    <subfield code="a">MÉXICO</subfield>
    <subfield code="9">19</subfield>
  </datafield>
  <datafield ind1=" " tag="942" ind2=" ">
    <subfield code="2">z</subfield>
    <subfield code="c">01</subfield>
  </datafield>
</record>